<?xml version="1.0" encoding="UTF-8"?><collection xmlns="http://www.loc.gov/MARC21/slim"><record><leader>00513nam--2200133-i-4500</leader><controlfield tag="001">000021489</controlfield><controlfield tag="002">20161230</controlfield><controlfield tag="005">20161230201034</controlfield><controlfield tag="008">060222s1000------------r-----000-0-eng-d</controlfield><datafield ind1=" " ind2=" " tag="080"><subfield code="a">061.3:669-175:539.2</subfield></datafield><datafield ind1=" " ind2=" " tag="100"><subfield code="a">Grossman, M.A</subfield></datafield><datafield ind1=" " ind2=" " tag="245"><subfield code="a">Grain-size symposium in metals, with special refernce to grain growth in austenite. held during the sixteenth annual convention of society in new york the week of october 1, 1934</subfield></datafield><datafield ind1=" " ind2=" " tag="260"><subfield code="a">Cleveland, Ohio, American Society For Metals, 1934. 861-1173=312p</subfield></datafield><datafield ind1=" " ind2=" " tag="852"><subfield code="a">5125</subfield></datafield></record></collection>